
% example of an article reference
@article{Pulay1980_Mixing,
  title={Convergence acceleration of iterative sequences. The case of {SCF} iteration},
  author={Pulay, Peter},
  journal={Chemical Physics Letters},
  volume={73},
  number={2},
  pages={393--398},
  year={1980}
}

% example of a conference proceedings reference
@inproceedings{Lindner2015_MNQN,
address = {Venice},
author = {Lindner, Florian and Mehl, Miriam and Scheufele, Klaudius and Uekermann, Benjamin},
booktitle = {ECCOMAS Coupled Problems},
title = {A comparison of various quasi-{N}ewton schemes for partitioned fluid-structure interaction},
year = {2015}
}

@article{FTC2019,
  title = {Google and YouTube Will Pay Record \$170 Million for Alleged Violations of Children’s Privacy Law},
  author = {Federal Trade Commission},
  year = {2019},
  journal = {FTC News},
  url = {https://www.ftc.gov/news-events/press-releases/2019/09/google-youtube-will-pay-record-170-million-alleged-violations}
}

@article{AP2018,
  title = {Google tracks your movements, like it or not},
  author = {Associated Press},
  year = {2018},
  journal = {AP News},
  url = {https://apnews.com/828aefab64d4411bac257a07c1af0ecb}
}

@article{Guardian2019,
  title = {Google’s ‘Project Nightingale’ gathers personal health data on millions of Americans},
  author = {The Guardian},
  year = {2019},
  journal = {The Guardian},
  url = {https://www.theguardian.com/business/2019/nov/11/google-health-data-project-nightingale-secret-transfer-us}
}

@article{BBC2018,
  title = {Google to shut down Google+ after data leak},
  author = {BBC News},
  year = {2018},
  journal = {BBC News},
  url = {https://www.bbc.com/news/technology-45792344}
}

@article{NYTimes2018,
  title = {Google Exposed User Data, Feared Repercussions of Disclosing to Public},
  author = {Daisuke Wakabayashi and Brian Chen},
  year = {2018},
  journal = {The New York Times},
  url = {https://www.nytimes.com/2018/10/08/technology/google-plus-security-disclosure.html}
}

@article{Verge2020,
  title = {Google faces lawsuit for tracking users in Incognito mode},
  author = {The Verge},
  year = {2020},
  journal = {The Verge},
  url = {https://www.theverge.com/2020/6/2/21278039/google-lawsuit-tracking-incognito-mode-privacy}
}

